@article{Zhao:2006:MSC:1248547.1248637,
 author = {Zhao, Peng and Yu, Bin},
 title = {On Model Selection Consistency of Lasso},
 journal = {J. Mach. Learn. Res.},
 issue_date = {12/1/2006},
 volume = {7},
 month = dec,
 year = {2006},
 issn = {1532-4435},
 pages = {2541--2563},
 numpages = {23},
 url = {http://dl.acm.org/citation.cfm?id=1248547.1248637},
 acmid = {1248637},
 publisher = {JMLR.org},
} 
